<record><leader>00000cas a2200000 a 4500</leader><controlfield tag="001">1460565</controlfield><controlfield tag="008">750720d19691969caumr p       0   a0eng c</controlfield><datafield ind1=" " ind2=" " tag="010"><subfield code="a">  2002061400</subfield></datafield><datafield ind1=" " ind2=" " tag="040"><subfield code="a">MUL</subfield><subfield code="b">eng</subfield><subfield code="c">MUL</subfield><subfield code="d">ZYU</subfield><subfield code="d">OCL</subfield><subfield code="d">NYS</subfield><subfield code="d">OCLCQ</subfield><subfield code="d">OCLCO</subfield><subfield code="d">OCLCF</subfield><subfield code="d">OCLCO</subfield><subfield code="d">CUS</subfield><subfield code="d">UIU</subfield><subfield code="d">OCL</subfield><subfield code="d">DLC</subfield><subfield code="d">OCLCO</subfield><subfield code="d">OCL</subfield><subfield code="d">OCLCA</subfield><subfield code="d">DLC</subfield></datafield><datafield ind1="0" ind2=" " tag="022"><subfield code="a">2472-4645</subfield><subfield code="2">1</subfield></datafield><datafield ind1=" " ind2=" " tag="042"><subfield code="a">pcc</subfield><subfield code="a">nsdp</subfield></datafield><datafield ind1=" " ind2=" " tag="043"><subfield code="a">n-us-ca</subfield></datafield><datafield ind1="1" ind2="0" tag="050"><subfield code="a">ISSN RECORD</subfield></datafield><datafield ind1="1" ind2="0" tag="082"><subfield code="a">322.4</subfield><subfield code="2">23</subfield></datafield><datafield ind1="0" ind2=" " tag="130"><subfield code="a">About face (Los Angeles, Calif.)</subfield></datafield><datafield ind1=" " ind2="0" tag="222"><subfield code="a">About face</subfield><subfield code="b">(Los Angeles)</subfield></datafield><datafield ind1="1" ind2="0" tag="245"><subfield code="a">About face.</subfield></datafield><datafield ind1="1" ind2=" " tag="246"><subfield code="a">E.M. news</subfield></datafield><datafield ind1="1" ind2=" " tag="246"><subfield code="a">About face, by G.I.s, for G.I.s</subfield></datafield><datafield ind1="1" ind2=" " tag="246"><subfield code="a">About face, E.M. news</subfield></datafield><datafield ind1=" " ind2=" " tag="260"><subfield code="a">Los Angeles, Calif. :</subfield><subfield code="b">GIs &amp; Vietnam Vets Against the War,</subfield><subfield code="c">1969.</subfield></datafield><datafield ind1=" " ind2=" " tag="300"><subfield code="a">1 v. :</subfield><subfield code="b">ill. ;</subfield><subfield code="c">28 cm.</subfield></datafield><datafield ind1=" " ind2=" " tag="310"><subfield code="a">Monthly</subfield></datafield><datafield ind1="0" ind2=" " tag="362"><subfield code="a">No. 1 (Mar. ed. 1969)-no. 5 (4th of July ed. [1969]).</subfield></datafield><datafield ind1=" " ind2=" " tag="500"><subfield code="a">Title from caption; subtitle varies: "By G.I.s -- for G.I.s (no. 2); "The E.M. news (v. 1, no. 3-no. 5).</subfield></datafield><datafield ind1=" " ind2=" " tag="515"><subfield code="a">May ed. [1969]-June ed. [1969] numbered v. 1, no. 3-4.</subfield></datafield><datafield ind1=" " ind2=" " tag="530"><subfield code="a">Available on microfilm from Bell &amp; Howell (Underground Newspaper Collection) and State Historical Society of Wisconsin.</subfield></datafield><datafield ind1=" " ind2="0" tag="650"><subfield code="a">Vietnam War, 1961-1975</subfield><subfield code="x">Protest movements</subfield><subfield code="z">California</subfield><subfield code="v">Periodicals.</subfield></datafield><datafield ind1=" " ind2="0" tag="650"><subfield code="a">Soldiers</subfield><subfield code="x">Political activity</subfield><subfield code="z">United States</subfield><subfield code="v">Periodicals.</subfield></datafield><datafield ind1=" " ind2="0" tag="650"><subfield code="a">Peace movements</subfield><subfield code="z">United States</subfield><subfield code="v">Periodicals.</subfield></datafield><datafield ind1=" " ind2="0" tag="651"><subfield code="a">Los Angeles (Calif.)</subfield><subfield code="v">Periodicals.</subfield></datafield><datafield ind1=" " ind2="0" tag="651"><subfield code="a">Los Angeles County (Calif.)</subfield><subfield code="v">Periodicals.</subfield></datafield><datafield ind1="2" ind2="7" tag="611"><subfield code="a">Vietnam War (1961-1975)</subfield><subfield code="2">fast</subfield><subfield code="0">(OCoLC)fst01431664</subfield></datafield><datafield ind1=" " ind2="7" tag="650"><subfield code="a">Peace movements.</subfield><subfield code="2">fast</subfield><subfield code="0">(OCoLC)fst01055858</subfield></datafield><datafield ind1=" " ind2="7" tag="650"><subfield code="a">Protest movements.</subfield><subfield code="2">fast</subfield><subfield code="0">(OCoLC)fst01079826</subfield></datafield><datafield ind1=" " ind2="7" tag="650"><subfield code="a">Soldiers</subfield><subfield code="x">Political activity.</subfield><subfield code="2">fast</subfield><subfield code="0">(OCoLC)fst01125284</subfield></datafield><datafield ind1=" " ind2="7" tag="651"><subfield code="a">California.</subfield><subfield code="2">fast</subfield><subfield code="0">(OCoLC)fst01204928</subfield></datafield><datafield ind1=" " ind2="7" tag="651"><subfield code="a">California</subfield><subfield code="z">Los Angeles.</subfield><subfield code="2">fast</subfield><subfield code="0">(OCoLC)fst01204540</subfield></datafield><datafield ind1=" " ind2="7" tag="651"><subfield code="a">California</subfield><subfield code="z">Los Angeles County.</subfield><subfield code="2">fast</subfield><subfield code="0">(OCoLC)fst01205194</subfield></datafield><datafield ind1=" " ind2="7" tag="651"><subfield code="a">United States.</subfield><subfield code="2">fast</subfield><subfield code="0">(OCoLC)fst01204155</subfield></datafield><datafield ind1=" " ind2="7" tag="648"><subfield code="a">1961-1975</subfield><subfield code="2">fast</subfield></datafield><datafield ind1=" " ind2="7" tag="655"><subfield code="a">Periodicals</subfield><subfield code="2">fast</subfield><subfield code="0">(OCoLC)fst01411641</subfield></datafield><datafield ind1="2" ind2=" " tag="710"><subfield code="a">Vietnam Veterans Against the War.</subfield></datafield><datafield ind1="0" ind2=" " tag="776"><subfield code="c">Microfilm</subfield><subfield code="d">Bell &amp; Howell</subfield><subfield code="k">Underground newspaper collection</subfield><subfield code="w">(OCoLC)11167848</subfield></datafield><datafield ind1="0" ind2="8" tag="776"><subfield code="i">Online version:</subfield><subfield code="t">About face (Los Angeles, Calif.)</subfield><subfield code="x">2472-4653</subfield><subfield code="w">(DLC)  2016200132</subfield><subfield code="w">(OCoLC)949696562</subfield></datafield><datafield ind1="4" ind2="1" tag="856"><subfield code="u">http://voices.revealdigital.com/cgi-bin/independentvoices?a=cl&amp;cl=CL1&amp;sp=BEGAFGF&amp;ai=1</subfield></datafield><datafield ind1="1" ind2=" " tag="029"><subfield code="a">AU@</subfield><subfield code="b">000023290609</subfield></datafield></record>